<?xml version="1.0" encoding="UTF-8"?><collection xmlns="http://www.loc.gov/MARC21/slim"><record><leader>00446nam--2200133-i-4500</leader><controlfield tag="001">000041569</controlfield><controlfield tag="002">20161230</controlfield><controlfield tag="005">20161230201043</controlfield><controlfield tag="008">060222s1000------------r-----000-0-eng-d</controlfield><datafield ind1=" " ind2=" " tag="080"><subfield code="a">541.15(043):539.172.4(043)</subfield></datafield><datafield ind1=" " ind2=" " tag="100"><subfield code="a">Sigli,Paul</subfield></datafield><datafield ind1=" " ind2=" " tag="245"><subfield code="a">Role des reactions intratrajectories dans la radiolyse de solutions aqueuses par les particules de recul de la reaction 10b (n) 7 li. these</subfield></datafield><datafield ind1=" " ind2=" " tag="260"><subfield code="a">Paris, Univ.Paris Vi,1972. 90 P</subfield></datafield><datafield ind1=" " ind2=" " tag="852"><subfield code="a">40495)</subfield></datafield></record></collection>